\usepackage[utf8]{inputenc}

@TECHREPORT{Lopez07asurvey,
    author = {Adam Lopez},
    title = { A survey of statistical machine translation},
    institution = {},
    year = {2007}
}

@INPROCEEDINGS{Carpuat07improvingstatistical,
    author = {Marine Carpuat and Dekai Wu},
    title = {Improving statistical machine translation using word sense disambiguation},
    booktitle = {In Proceedings of the 2007 Joint Conference on Empirical Methods in Natural Language Processing and Computational Natural Language Learning},
    year = {2007},
    pages = {61--72}
}

@inproceedings{Marcu:2002,
 author = {Marcu, Daniel and Wong, William},
 title = {A Phrase-based, Joint Probability Model for Statistical Machine Translation},
 booktitle = {Proceedings of the ACL-02 Conference on Empirical Methods in Natural Language Processing - Volume 10},
 series = {EMNLP '02},
 year = {2002},
 pages = {133--139},
 numpages = {7},
 url = {http://dx.doi.org/10.3115/1118693.1118711},
 doi = {10.3115/1118693.1118711},
 acmid = {1118711},
 publisher = {Association for Computational Linguistics},
 address = {Stroudsburg, PA, USA},
} 

@INPROCEEDINGS{Och99improvedalignment,
    author = {Franz Josef Och and Christoph Tillmann and Hermann Ney and Lehrstuhl Fiir Informatik},
    title = {Improved Alignment Models for Statistical Machine Translation},
    booktitle = {University of Maryland, College Park, MD},
    year = {1999},
    pages = {20--28}
}

@inproceedings{Berger:1994,
 author = {Berger, Adam L. and Brown, Peter F. and Della Pietra, Stephen A. and Della Pietra, Vincent J. and Gillett, John R. and Lafferty, John D. and Mercer, Robert L. and Printz, Harry and Ure\v{s}, Lubo\v{s}},
 title = {The Candide System for Machine Translation},
 booktitle = {Proceedings of the Workshop on Human Language Technology},
 series = {HLT '94},
 year = {1994},
 isbn = {1-55860-357-3},
 location = {Plainsboro, NJ},
 pages = {157--162},
 numpages = {6},
 url = {http://dx.doi.org/10.3115/1075812.1075844},
 doi = {10.3115/1075812.1075844},
 acmid = {1075844},
 publisher = {Association for Computational Linguistics},
 address = {Stroudsburg, PA, USA},
}

@article{Brown:1990,
 author = {Brown, Peter F. and Cocke, John and Pietra, Stephen A. Della and Pietra, Vincent J. Della and Jelinek, Fredrick and Lafferty, John D. and Mercer, Robert L. and Roossin, Paul S.},
 title = {A Statistical Approach to Machine Translation},
 journal = {Comput. Linguist.},
 issue_date = {June 1990},
 volume = {16},
 number = {2},
 month = jun,
 year = {1990},
 issn = {0891-2017},
 pages = {79--85},
 numpages = {7},
 url = {http://dl.acm.org/citation.cfm?id=92858.92860},
 acmid = {92860},
 publisher = {MIT Press},
 address = {Cambridge, MA, USA},
} 

@INPROCEEDINGS{Carpuat_evaluatingthe,
    author = {Marine Carpuat and Dekai Wu},
    title = {Evaluating the word sense disambiguation performance of statistical machine translation},
    booktitle = {Second International Joint Conference on Natural Language Processing (IJCNLP-2005},
    year = {},
    pages = {2005}
}

@inproceedings{carpuat2005,
  acmid = {1219888},
  added-at = {2011-09-16T16:27:56.000+0200},
  address = {Stroudsburg, PA, USA},
  author = {Carpuat, Marine and Wu, Dekai},
  biburl = {http://www.bibsonomy.org/bibtex/2a04e62e4ca0e0ce358a476d0ae028599/jil},
  booktitle = {Proceedings of the 43rd Annual Meeting on Association for Computational Linguistics},
  doi = {http://dx.doi.org/10.3115/1219840.1219888},
  interhash = {37d8f55433f751e2022a7632129dd237},
  intrahash = {a04e62e4ca0e0ce358a476d0ae028599},
  keywords = {application insuccessful machine translation wsd},
  location = {Ann Arbor, Michigan},
  numpages = {8},
  pages = {387--394},
  publisher = {Association for Computational Linguistics},
  series = {ACL '05},
  timestamp = {2013-11-23T20:11:51.000+0100},
  title = {Word sense disambiguation vs. statistical machine translation},
  url = {http://dx.doi.org/10.3115/1219840.1219888},
  year = 2005
}

@INPROCEEDINGS{Carpuat06towardintegrating,
    author = {Marine Carpuat and Yihai Shen and Xiaofeng Yu and Dekai Wu},
    title = {Toward Integrating Word Sense and Entity Disambiguation into Statistical Machine Translation},
    booktitle = {In Third International Workshop on Spoken Language Translation (IWSLT 2006), Kyoto},
    year = {2006},
    pages = {37--44}
}