@inproceedings{Gabrilovich:2007:CSR,
  year = {2007},
  title = {Computing Semantic Relatedness using Wikipedia-based Explicit Semantic Analysis},
  address = {Hyderabad, India},
  booktitle = {Proceedings of The Twentieth International Joint Conference for Artificial Intelligence},
  author = {Evgeniy Gabrilovich and Shaul Markovitch},
  pages = {1606--1611},
  url = {http://www.cs.technion.ac.il/~shaulm/papers/pdf/Gabrilovich-Markovitch-ijcai2007.pdf},
}

@InCollection{Tiedemann:RANLP5,
  author =	  {J\"org Tiedemann},
  title =	  {News from {OPUS} - {A} Collection of Multilingual
                  Parallel Corpora with Tools and Interfaces},
  booktitle =	  {Recent Advances in Natural Language Processing},
  publisher =	  {John Benjamins, Amsterdam/Philadelphia},
  year =          2009,
  pages =         {237--248},
  editor =        {N. Nicolov and K. Bontcheva and G. Angelova and
                  R. Mitkov},
  volume =	  {V},
  address =	  {Borovets, Bulgaria},
  url = {http://stp.lingfil.uu.se/~joerg/published/ranlp-V.pdf},
}

@inproceedings{koehn-monz:2006:WMT,
    author = {Koehn, Philipp and Monz, Christof},
    title = {Manual and Automatic Evaluation of Machine Translation between European Languages},
    booktitle = {Proceedings on the Workshop on Statistical Machine Translation},
    year = {2006},
    address = {New York City},
    publisher = {Association for Computational Linguistics},
    pages = {102--121},
    url = {http://homepages.inf.ed.ac.uk/pkoehn/publications/shared-task-wmt2006.pdf}
    } 